@book{stroustrupC,
        author = {Bjarne Stroustrup},
        title = {The C++ Programming Language, 4th Edition},
        year = {2013},
        publisher = {Addison-Wesley},
        note = {{ISBN-13:  978-0321563842}},
}

@book{sebestaProLang,
        author = {Robert W. Sebesta},
        title = {Concepts of Programming Languages, 10th Edition},
        year = {2012},
        publisher = {Pearson},
        note = {{ISBN:  978-0-13-139531-2}},
}

@book{fischer2009crafting,
  title={Crafting a compiler},
  author={Fischer, Charles N and Cytron, Ronald K and LeBlanc, Richard J},
  year={2009},
  publisher={Addison-Wesley Publishing Company}
}

@misc{ppLecture,
  Author = {Kurt Nørmark},
  Institution = {Aalborg University},
  Howpublished = {Aalborg University},
  Year = {2013},
  Title = {Course: Programming Paradigms}
}

@inproceedings{kayEHOST,
  author =	 {Kay, Alan C.},
  title =	 {The Early History of Smalltalk},
  booktitle =	 {The Second ACM SIGPLAN Conference on History of
                  Programming Languages},
  series =	 {HOPL-II},
  year =	 {1993},
  isbn =	 {0-89791-570-4},
  location =	 {Cambridge, Massachusetts, USA},
  pages =	 {69--95},
  numpages =	 {27},
  url =		 {http://doi.acm.org/10.1145/154766.155364},
  doi =		 {10.1145/154766.155364},
  acmid =	 {155364},
  publisher =	 {ACM},
  address =	 {New York, NY, USA},
}

@book{fowlerDSL,
  author =	 {Martin Fowler},
  title =	 {Domain-Specific Languages},
  year =	 {2010},
  publisher =	 {Addison-Wesley},
  note =	 {{ISBN-13: 978-0321712943}},
}

@book{martinCC,
  author =	 {Robert C. Martin},
  title =	 {Clean Code: A Handbook of Agile Software
                  Craftsmanship},
  year =	 {2008},
  publisher =	 {Prentice Hall},
  note =	 {{ISBN-10: 0132350882}, {ISBN-13: 978-0132350884}},
}

@book{larmanUML,
  author =	 {Craig Larman},
  title =	 {Applying UML and Patterns: An Introduction to
                  Object-Oriented Analysis and Design and Iterative
                  Development},
  edition =	 {third},
  year =	 {2004},
  publisher =	 {Prentice Hall},
  note =	 {{ISBN-10: 0131489062}, {ISBN-13: 978-0131489066}},
}

@book{beckIP,
  author =	 {Kent Beck},
  title =	 {Implementation Patterns},
  year =	 {2007},
  publisher =	 {Addison-Wesley},
  note =	 {{ISBN-10: 0321413091}, {ISBN-13: 978-0321413093}},
}

@book{sipserITM,
  author =	 {Michael Sipser},
  title =	 {Introduction to the Theory of Computation},
  edition =	 {third},
  year =	 {2012},
  publisher =	 {Cengage Learning},
  note =	 {{ISBN-10: 113318779X}, {ISBN-13: 978-1133187790}},
}
@online{cupManual,
        author = {Michael Petter},
        title = {Cup User's Manual},
        year = {2014},
        url = {http://www2.cs.tum.edu/projects/cup/manual.html}
}

@online{sableCCHome,
        author = {Sable},
        title = {SableCC homepage},
        year = {2014},
        url = {http://sablecc.org/wiki}
}

@article{productivity1999,
  title={Comparing observed bug and productivity rates for Java and C++},
  author={Phipps, G.},
  journal={Softw: Pract. Exper., 29: 345–358},
  year={1999}
}
@book{huttelTT,
  author =	 {Hans Hüttel},
  title =	 {Transitions and Trees},
  edition =	 {first},
  year =	 {2010},
  publisher =	 {Cambridge University Press},
  note =	 {{ISBN-13: 978-0-521-14709-5}},
}

@book{watt2000programming,
  title={Programming language processors in Java: compilers and interpreters},
  author={Watt, David Anthony and Brown, Deryck F},
  year={2000},
  publisher={Pearson Education}
}

@inproceedings{singer2003jvm,
  title={JVM versus CLR: a comparative study},
  author={Singer, Jeremy},
  booktitle={Proceedings of the 2nd international conference on Principles and practice of programming in Java},
  pages={167--169},
  year={2003},
  organization={Computer Science Press, Inc.}
}

@article{gough2000implementing,
  title={Implementing languages other than java on the java virtual machine},
  author={Gough, John and Corney, Diane},
  year={2000}
}

@mastersthesis{gagnon1998sablecc,
    author	= {Etienne Gagnon},
    title	= {SableCC, an object-oriented compiler framework},
    school	= {McGill University, Montreal},
    year	= {1998},
}

@book{gamma1994design,
  title={Design patterns: elements of reusable object-oriented software},
  author={Gamma, Erich and Helm, Richard and Johnson, Ralph and Vlissides, John},
  year={1994},
  publisher={Pearson Education}
}
@book{hennessy90,
  title={The semantics of programming languages: an elementary introduction using structural operational semantics},
  author={Hennessy, Matthew},
  year={1990},
  publisher={John Wiley \& Sons}
}
@book{normark1990simulation,
  title={Simulation of Objekt-oriented Concepts and Mechanisms in Scheme},
  author={N{\o}rmark, K. and Aalborg Universitetscenter . Institut for Elektroniske Systemer. Afdeling for Matematik og Datalogi},
  series={University of Aalborg, Institute for Electronic Systems, Department of Mathematics and Computer Science},
  url={http://books.google.dk/books?id=63tpQwAACAAJ},
  year={1990},
  publisher={University of Aalborg, Institute for Electronic Systems, Department of Mathematics and Computer Science}
}
@book{scott2005programming,
  title={Programming Language Pragmatics},
  author={Scott, Michael Lee},
  edition = {second},
  year={2005},
  publisher={Morgan Kaufmann},
  note ={{ISBN: 978-0126339512}}
}

@online{diamondproblem,
        author = {Robert C. Martin},
        title = {Java and C++ a critical comparison},
        year = {1997},
        url = {http://www.objectmentor.com/resources/articles/javacpp.pdf}
}